@InProceedings{Geiger2012CVPR,
  author    = {Andreas Geiger and Philip Lenz and Raquel Urtasun},
  booktitle = {Conference on Computer Vision and Pattern Recognition (CVPR)},
  title     = {Are we ready for Autonomous Driving? The KITTI Vision Benchmark Suite},
  year      = {2012},
}

@Misc{ahishali2021representation,
  author        = {Mete Ahishali and Mehmet Yamac and Serkan Kiranyaz and Moncef Gabbouj},
  title         = {Representation Based Regression for Object Distance Estimation},
  year          = {2021},
  archiveprefix = {arXiv},
  eprint        = {2106.14208},
  primaryclass  = {cs.CV},
}

@article{DBLP:journals/corr/Chollet16a,
  author    = {Fran{\c{c}}ois Chollet},
  title     = {Xception: Deep Learning with Depthwise Separable Convolutions},
  journal   = {CoRR},
  volume    = {abs/1610.02357},
  year      = {2016},
  url       = {http://arxiv.org/abs/1610.02357},
  eprinttype = {arXiv},
  eprint    = {1610.02357},
  timestamp = {Mon, 13 Aug 2018 16:46:20 +0200},
  biburl    = {https://dblp.org/rec/journals/corr/Chollet16a.bib},
  bibsource = {dblp computer science bibliography, https://dblp.org}
}

@article{DBLP:journals/corr/SzegedyVISW15,
  author    = {Christian Szegedy and
               Vincent Vanhoucke and
               Sergey Ioffe and
               Jonathon Shlens and
               Zbigniew Wojna},
  title     = {Rethinking the Inception Architecture for Computer Vision},
  journal   = {CoRR},
  volume    = {abs/1512.00567},
  year      = {2015},
  url       = {http://arxiv.org/abs/1512.00567},
  eprinttype = {arXiv},
  eprint    = {1512.00567},
  timestamp = {Mon, 13 Aug 2018 16:49:07 +0200},
  biburl    = {https://dblp.org/rec/journals/corr/SzegedyVISW15.bib},
  bibsource = {dblp computer science bibliography, https://dblp.org}
}

@misc{zhu2019learning,
      title={Learning Object-specific Distance from a Monocular Image}, 
      author={Jing Zhu and Yi Fang and Husam Abu-Haimed and Kuo-Chin Lien and Dongdong Fu and Junli Gu},
      year={2019},
      eprint={1909.04182},
      archivePrefix={arXiv},
      primaryClass={cs.CV}
}

@misc{santoro2017simple,
      title={A simple neural network module for relational reasoning}, 
      author={Adam Santoro and David Raposo and David G. T. Barrett and Mateusz Malinowski and Razvan Pascanu and Peter Battaglia and Timothy Lillicrap},
      year={2017},
      eprint={1706.01427},
      archivePrefix={arXiv},
      primaryClass={cs.CL}
}

@misc{wang2018videos,
      title={Videos as Space-Time Region Graphs}, 
      author={Xiaolong Wang and Abhinav Gupta},
      year={2018},
      eprint={1806.01810},
      archivePrefix={arXiv},
      primaryClass={cs.CV}
}

@unknown{CSEN,
author = {yama√ß, Mehmet and Ahishali, Mete and Kiranyaz, Serkan and Gabbouj, Moncef},
year = {2020},
month = {03},
pages = {},
title = {Convolutional Sparse Support Estimator Network (CSEN) From energy efficient support estimation to learning-aided Compressive Sensing}
}

@article{RES,
  author    = {Kaiming He and
               Xiangyu Zhang and
               Shaoqing Ren and
               Jian Sun},
  title     = {Deep Residual Learning for Image Recognition},
  journal   = {CoRR},
  volume    = {abs/1512.03385},
  year      = {2015},
  url       = {http://arxiv.org/abs/1512.03385},
  eprinttype = {arXiv},
  eprint    = {1512.03385},
  timestamp = {Wed, 17 Apr 2019 17:23:45 +0200},
  biburl    = {https://dblp.org/rec/journals/corr/HeZRS15.bib},
  bibsource = {dblp computer science bibliography, https://dblp.org}
}
@article{Dense,
  author    = {Gao Huang and
               Zhuang Liu and
               Kilian Q. Weinberger},
  title     = {Densely Connected Convolutional Networks},
  journal   = {CoRR},
  volume    = {abs/1608.06993},
  year      = {2016},
  url       = {http://arxiv.org/abs/1608.06993},
  eprinttype = {arXiv},
  eprint    = {1608.06993},
  timestamp = {Mon, 10 Sep 2018 15:49:32 +0200},
  biburl    = {https://dblp.org/rec/journals/corr/HuangLW16a.bib},
  bibsource = {dblp computer science bibliography, https://dblp.org}
}

@article{VGG,
  title={Very Deep Convolutional Networks for Large-Scale Image Recognition},
  author={Karen Simonyan and Andrew Zisserman},
  journal={CoRR},
  year={2015},
  volume={abs/1409.1556}
}


@Comment{jabref-meta: databaseType:bibtex;}
